@ARTICLE{Drakos2019I,
       author = {{Drakos}, Nicole E. and {Taylor}, James E. and {Berrouet}, Anael and
         {Robotham}, Aaron S.~G. and {Power}, Chris},
        title = "{Major mergers between dark matter haloes - I. Predictions for size, shape, and spin}",
      journal = {\mnras},
     keywords = {methods: numerical, galaxies: haloes, dark matter, cosmology: theory, Astrophysics - Astrophysics of Galaxies, Astrophysics - Cosmology and Nongalactic Astrophysics},
         year = 2019,
        month = jul,
       volume = {487},
       number = {1},
        pages = {993-1007},
          doi = {10.1093/mnras/stz1306},
archivePrefix = {arXiv},
       eprint = {1811.12839},
 primaryClass = {astro-ph.GA},
       adsurl = {https://ui.adsabs.harvard.edu/abs/2019MNRAS.487..993D},
      adsnote = {Provided by the SAO/NASA Astrophysics Data System}
}

@ARTICLE{Drakos2019II,
       author = {{Drakos}, Nicole E. and {Taylor}, James E. and {Berrouet}, Anael and
         {Robotham}, Aaron S.~G. and {Power}, Chris},
        title = "{Major mergers between dark matter haloes - II. Profile and concentration changes}",
      journal = {\mnras},
     keywords = {methods: numerical, galaxies: haloes, cosmology: theory, dark matter, Astrophysics - Astrophysics of Galaxies, Astrophysics - Cosmology and Nongalactic Astrophysics},
         year = 2019,
        month = jul,
       volume = {487},
       number = {1},
        pages = {1008-1024},
          doi = {10.1093/mnras/stz1307},
archivePrefix = {arXiv},
       eprint = {1811.12844},
 primaryClass = {astro-ph.GA},
       adsurl = {https://ui.adsabs.harvard.edu/abs/2019MNRAS.487.1008D},
      adsnote = {Provided by the SAO/NASA Astrophysics Data System}
}

@ARTICLE{Law2009,
   title={EVIDENCE FOR A TRIAXIAL MILKY WAY DARK MATTER HALO FROM THE SAGITTARIUS STELLAR TIDAL STREAM},
   volume={703},
   ISSN={1538-4357},
   url={http://dx.doi.org/10.1088/0004-637X/703/1/L67},
   DOI={10.1088/0004-637x/703/1/l67},
   number={1},
   journal={The Astrophysical Journal},
   publisher={IOP Publishing},
   author={Law, David R. and Majewski, Steven R. and Johnston, Kathryn V.},
   year={2009},
   month={Sep},
   pages={L67–L71}
}

@ARTICLE{Frenk2012,
   title={Dark matter and cosmic structure},
   volume={524},
   ISSN={0003-3804},
   url={http://dx.doi.org/10.1002/andp.201200212},
   DOI={10.1002/andp.201200212},
   number={9-10},
   journal={Annalen der Physik},
   publisher={Wiley},
   author={Frenk, C.S. and White, S.D.M.},
   year={2012},
   month={Sep},
   pages={507–534}
}

@ARTICLE{Abadi2010,
   title={Galaxy-induced transformation of dark matter haloes},
   volume={407},
   ISSN={0035-8711},
   url={http://dx.doi.org/10.1111/j.1365-2966.2010.16912.x},
   DOI={10.1111/j.1365-2966.2010.16912.x},
   number={1},
   journal={Monthly Notices of the Royal Astronomical Society},
   publisher={Oxford University Press (OUP)},
   author={Abadi, Mario G. and Navarro, Julio F. and Fardal, Mark and Babul, Arif and Steinmetz, Matthias},
   year={2010},
   month={Aug},
   pages={435–446}
}
